@inproceedings{You10,
  author = {You, Ilsun and Yim, Kangbin},
  pages = {297 -- 300},
  booktitle = {BWCCA},
  publisher = {IEEE},
  title = {Malware Obfuscation Techniques: A Brief Survey.},
  year = "2010"
}

@inproceedings{RevGen,
author = {Vitaly Chipounov and George Candea},
title = {{Enabling sophisticated analyses of x86 binaries with RevGen}},
booktitle = {International Conference on Dependable Systems and Networks Workshops},
year = {2011},
}

@misc{Schiffman10,
  author = "Mike Schiffman",
  title = {A Brief History of Malware Obfuscation},
  howpublished = {[online]},
  year = {Naposledy nav¹tíveno 14. 1. 2015},
  url = {http://blogs.cisco.com/security/a_brief_history_of_malware_obfuscation_part_1_of_2},
}

@article{Jacob08,
    year={2008},
    issn={1772-9890},
    journal={Journal in Computer Virology},
    volume={4},
    number={3},
    title={Behavioral detection of malware: from a survey towards an established taxonomy},
    publisher={Springer-Verlag},
    author={Jacob, Grégoire and Debar, Hervé and Filiol, Eric},
    pages={251-266},
}

@inproceedings{Babic11,
  author = {Domagoj Babi\'c and Daniel Reynaud and Dawn Song},
  title = {{Malware Analysis with Tree Automata Inference}},
  booktitle = {CAV'11: Proceedings of the 23rd Int. Conference on
    Computer Aided Verification},
  year = {2011},
  publisher = {Springer},
  series = {Lecture Notes in Computer Science},
  pages = {116--131},
  location = {Cliff Lodge, Snowbird, Utah, USA},
}

@Article{Durfina11,
    author = {L. \v{D}urfina and J. K\v{r}oustek and P. Zemek and D. Kol\'{a}\v{r} and T. Hru\v{s}ka and K. Masa\v{r}\'{i}k and A. Meduna},
    title = {Design of a Retargetable Decompiler for a Static Platform-Independent Malware Analysis},
    journal = {International Journal of Security and Its Applications},
    pages = {91--106},
    volume = {5},
    number = {4},
    year = {2011}
}

@ARTICLE{Moser07,
   author = "Andreas Moser and Christopher Kruegel and Engin Kirda",
   title = "Limits of Static Analysis for Malware Detection ",
   pages = "421 -- 430",
   journal = "Computer Security Applications Conference, 2007. ACSAC 2007. Twenty-Third Annual ",
   publisher = "IEEE",
   year = "2007",
   location = "Miami Beach, FL",
   ISSN = "1063-9527 ",
   language = "english"
}

@ARTICLE{Filiol12,
  author =    "\'Eric Filiol",
  title =     "Malicious cryptology and mathematics",
  journal =   "Cryptography and Security in Computing",
  note =      "ISBN~978-953-51-0179-6",
  publisher = "Intech Publishing",
  year =      "2012"
}

@PHDTHESIS{Cohen86,
  author =  "Fred Cohen",
  title =   "Computer Viruses",
  school =  "University of Southern California",
  year =    "1986"
}

@PHDTHESIS{Konstantinou08,
  author =  "Evgenios Konstantinou",
  title =   "Metamorphic Virus: Analysis and Detection",
  school =  "Royal Holloway, University of London",
  year =    "2008"
}